@inproceedings{PoS(ICRC2017)1005,
	author = { C. Haack and C. Wiebusch and the IceCube Collaboration},
	title = {A measurement of the diffuse astrophysical muon neutrino flux using eight years of IceCube data.},
	booktitle = {Proceedings of the International Cosmic Ray Conference},
	volume = {PoS(ICRC2017)1005},
	year = {2017},
	url = {https://pos.sissa.it/cgi-bin/reader/contribution.cgi?id=PoS(ICRC2017)1005}
}

@inproceedings{PoS(ICRC2017)968,
	author = { H.M. Niederhausen and Y. Xu and the IceCube Collaboration },
	title = {High Energy Astrophysical Neutrino Flux Measurement Using Neutrino-induced Cascades Observed in 4 Years of IceCube Data},
	booktitle = {Proceedings of the International Cosmic Ray Conference},
	volume = {PoS(ICRC2017)968},
	year = {2017},
	url = {https://pos.sissa.it/cgi-bin/reader/contribution.cgi?id=PoS(ICRC2017)968}
}

@article{Aartsen:2015knd,
      author         = "M. G. Aartsen and others",
      title          = "{A combined maximum-likelihood analysis of the
                        high-energy astrophysical neutrino flux measured with
                        IceCube}",
      collaboration  = "IceCube",
      journal        = "Astrophys. J.",
      volume         = "809",
      year           = "2015",
      number         = "1",
      pages          = "98",
      doi            = "10.1088/0004-637X/809/1/98",
      eprint         = "1507.03991",
      archivePrefix  = "arXiv",
      primaryClass   = "astro-ph.HE",
      SLACcitation   = "%%CITATION = ARXIV:1507.03991;%%"
}

@article{Ahlers:2012rz,
      author         = "Ahlers, Markus and Halzen, Francis",
      title          = "{Minimal Cosmogenic Neutrinos}",
      journal        = "Phys. Rev.",
      volume         = "D86",
      year           = "2012",
      pages          = "083010",
      doi            = "10.1103/PhysRevD.86.083010",
      eprint         = "1208.4181",
      archivePrefix  = "arXiv",
      primaryClass   = "astro-ph.HE",
      SLACcitation   = "%%CITATION = ARXIV:1208.4181;%%"
}

@article{Kotera:2010yn,
      author         = "Kotera, K. and Allard, D. and Olinto, A. V.",
      title          = "{Cosmogenic Neutrinos: parameter space and detectabilty
                        from PeV to ZeV}",
      journal        = "JCAP",
      volume         = "1010",
      year           = "2010",
      pages          = "013",
      doi            = "10.1088/1475-7516/2010/10/013",
      eprint         = "1009.1382",
      archivePrefix  = "arXiv",
      primaryClass   = "astro-ph.HE",
      SLACcitation   = "%%CITATION = ARXIV:1009.1382;%%"
}